<record><leader>00000cas a22000007a 4500</leader><controlfield tag="001">20314411</controlfield><controlfield tag="008">890908d19141919aruwr ne      0    0eng d</controlfield><datafield ind1=" " ind2=" " tag="010"><subfield code="a">sn 89051354 </subfield></datafield><datafield ind1=" " ind2=" " tag="040"><subfield code="a">ANU</subfield><subfield code="b">eng</subfield><subfield code="c">ANU</subfield><subfield code="d">MGN</subfield><subfield code="d">OCLCQ</subfield></datafield><datafield ind1=" " ind2=" " tag="042"><subfield code="a">msc</subfield></datafield><datafield ind1=" " ind2=" " tag="043"><subfield code="a">n-us-ar</subfield></datafield><datafield ind1="0" ind2=" " tag="130"><subfield code="a">Bradley County eagle (Hermitage, Ark.)</subfield></datafield><datafield ind1="1" ind2="4" tag="245"><subfield code="a">The Bradley County eagle.</subfield></datafield><datafield ind1=" " ind2=" " tag="260"><subfield code="a">Hermitage, Ark. :</subfield><subfield code="b">[s.n.]</subfield></datafield><datafield ind1=" " ind2=" " tag="300"><subfield code="a">v.</subfield></datafield><datafield ind1=" " ind2=" " tag="310"><subfield code="a">Weekly</subfield></datafield><datafield ind1="1" ind2=" " tag="362"><subfield code="a">Began in 1914; ceased in 1919.</subfield></datafield><datafield ind1=" " ind2=" " tag="500"><subfield code="a">Published at Warren, Ark., &lt;Aug. 27, 1918&gt;.</subfield></datafield><datafield ind1=" " ind2=" " tag="588"><subfield code="a">Description based on: Vol. 1, no. 21 (Feb. 12, 1914).</subfield></datafield><datafield ind1=" " ind2="0" tag="651"><subfield code="a">Hermitage (Ark.)</subfield><subfield code="v">Newspapers.</subfield></datafield><datafield ind1=" " ind2=" " tag="752"><subfield code="a">United States</subfield><subfield code="b">Arkansas</subfield><subfield code="c">Bradley</subfield><subfield code="d">Warren.</subfield></datafield><datafield ind1=" " ind2=" " tag="752"><subfield code="a">United States</subfield><subfield code="b">Arkansas</subfield><subfield code="c">Bradley</subfield><subfield code="d">Hermitage.</subfield></datafield><datafield ind1="0" ind2="7" tag="785"><subfield code="t">Democrat-news (Warren, Ark.)</subfield><subfield code="w">(DLC)sn 89051355</subfield></datafield><datafield ind1="0" ind2="7" tag="785"><subfield code="t">Eagle Democrat</subfield><subfield code="w">(DLC)sn 89051349</subfield></datafield></record>